<?xml version="1.0" encoding="UTF-8"?><collection xmlns="http://www.loc.gov/MARC21/slim"><record><leader>00574nam--2200205-u-4500</leader><controlfield tag="001">000052959</controlfield><controlfield tag="002">20161230</controlfield><controlfield tag="005">20161230201050</controlfield><controlfield tag="008">101207s1000------------r-----000-0-rus-d</controlfield><datafield ind1=" " ind2=" " tag="040"><subfield code="a">IFIN-HH</subfield></datafield><datafield ind1=" " ind2=" " tag="041"><subfield code="a">rus</subfield></datafield><datafield ind1=" " ind2=" " tag="080"><subfield code="a">535.33</subfield></datafield><datafield ind1="1" ind2=" " tag="100"><subfield code="a">Zaidel, A. N</subfield></datafield><datafield ind1="1" ind2="0" tag="245"><subfield code="a">Tehnika i praktika spectrskopii</subfield><subfield code="c">A.n. zaidel; g.v. ostrovskaia; yu.i. ostrvskii</subfield></datafield><datafield ind1=" " ind2=" " tag="260"><subfield code="a">Moskva</subfield><subfield code="b">Nauka</subfield><subfield code="c">1976</subfield></datafield><datafield ind1=" " ind2=" " tag="300"><subfield code="a">392P</subfield></datafield><datafield ind1=" " ind2=" " tag="490"><subfield code="a">Fizika I Tehnika Spectralnogo Analiza (Biblioteka Injenera)</subfield></datafield><datafield ind1="1" ind2=" " tag="700"><subfield code="a">Ostrvskii, Yu.I</subfield></datafield><datafield ind1=" " ind2=" " tag="852"><subfield code="a">43834</subfield><subfield code="c">535.33</subfield></datafield><datafield ind1=" " ind2=" " tag="CAT"><subfield code="a">Sys</subfield><subfield code="c">20101207</subfield><subfield code="h">134845</subfield></datafield></record></collection>